<?xml version="1.0" encoding="UTF-8"?><collection xmlns="http://www.loc.gov/MARC21/slim"><record><leader>00417nam--2200145-i-4500</leader><controlfield tag="001">000033756</controlfield><controlfield tag="002">20161230</controlfield><controlfield tag="005">20161230201039</controlfield><controlfield tag="008">060222s1000------------r-----000-0-eng-d</controlfield><datafield ind1=" " ind2=" " tag="080"><subfield code="a">53O.1(042):517(042)</subfield></datafield><datafield ind1=" " ind2=" " tag="100"><subfield code="a">Nelson, Edward</subfield></datafield><datafield ind1=" " ind2=" " tag="245"><subfield code="a">Dynamical th.of brownian motion. preliminary informal notes of univ.course.</subfield></datafield><datafield ind1=" " ind2=" " tag="260"><subfield code="a">Princeton, Princeton Univ.Press, 1972. 142p</subfield></datafield><datafield ind1=" " ind2=" " tag="490"><subfield code="a">Math.Notes</subfield></datafield><datafield ind1=" " ind2=" " tag="852"><subfield code="a">39942</subfield></datafield></record></collection>